@misc{who_top_10_causes,
  author       = {{World Health Organization}},
  title        = {The Top 10 Causes of Death},
  year         = {2023},
  url          = {https://www.who.int/es/news-room/fact-sheets/detail/the-top-10-causes-of-death},
  note         = {Accessed: 2024-05-21}
}

@article{desai2021low,
  title={A low-latency, low-power FPGA implementation of ECG signal characterization using hermite polynomials},
  author={Desai, Madhav P and Caffarena, Gabriel and Jevtic, Ruzica and M{\'a}rquez, David G and Otero, Abraham},
  journal={Electronics},
  volume={10},
  number={19},
  pages={2324},
  year={2021},
  publisher={MDPI}
}

@misc{MIT,
  author = {{Massachusetts Institute of Technology}},
  title = {{MIT - Massachusetts Institute of Technology}},
  year = {2024},
  url = {https://web.mit.edu/},
  note = {Accedido: 22 de mayo de 2024},
}

@misc{mitdb,
  author = {PhysioNet},
  title = {MIT-BIH Arrhythmia Database Directory},
  url = {https://archive.physionet.org/physiobank/database/html/mitdbdir/},
  note = {Accessed: 2024-05-21}
}

@misc{fotoElectrocardiograma,
  author = {Xavier Santiago Ramírez},
  title = {Electrocardiograma Normal},
  year = {2013},
  url = {https://fisiologiaconxavy.blogspot.com/2013/03/electrocardiograma-normal.html},
  note = {Accedido: 22 de mayo de 2024},
}

@misc{velez,
  author = {Vélez Rodríguez, D.},
  title = {{ECG - Handbook}},
  year = {Sin fecha},
  note = {ISBN: 9788417184988 Autor: D. Vélez Rodríguez Encuadernación: Flexilibro},
}

@misc{WFDB,
  author = {{Waveform Database}},
  title = {{WFDB - Waveform Database}},
  year = {2024},
  url = {https://wfdb.io/},
  note = {Accedido: 22 de mayo de 2024},
}

@misc{Matplotlib,
  author = {{Matplotlib Development Team}},
  title = {{Matplotlib — Visualization with Python}},
  year = {2024},
  url = {https://matplotlib.org/},
  note = {Accedido: 22 de mayo de 2024},
}

@misc{SciPy,
  author = {{SciPy Community}},
  title = {{scipy.signal.lfilter}},
  year = {2024},
  url = {https://docs.scipy.org/doc/scipy/reference/generated/scipy.signal.lfilter.html},
  note = {Accedido: 22 de mayo de 2024},
}

@misc{xilinx_ip_cores,
    title = {{Xilinx IP Cores}},
    howpublished = {\url{https://www.xilinx.com/products/intellectual-property.html}},
    note = {Accedido en 24 de mayo de 2024}
}
